@inproceedings{jhala11,
  author    = {Ranjit Jhala and
               Rupak Majumdar and
               Andrey Rybalchenko},
  title     = {{HMC:} Verifying Functional Programs Using Abstract
                  Interpreters},
  booktitle = {{CAV}},
  year      = {2011},
}
