@inproceedings{bjorner13,
  author    = {Nikolaj Bj{\o}rner and
               Kenneth L. McMillan and
               Andrey Rybalchenko},
  title     = {On Solving Universally Quantified Horn Clauses},
  booktitle = {{SAS}},
  year      = {2013},
}
                   
@inproceedings{jhala11,
  author    = {Ranjit Jhala and
               Rupak Majumdar and
               Andrey Rybalchenko},
  title     = {{HMC:} Verifying Functional Programs Using Abstract
                  Interpreters},
  booktitle = {{CAV}},
  year      = {2011},
}

@inproceedings{kawaguchi09,
  author    = {Ming Kawaguchi and
               Patrick Maxim Rondon and
               Ranjit Jhala},
  title     = {Type-based data structure verification},
  booktitle = {{PLDI}},
  year      = {2009},
}

@inproceedings{kobayashi09,
  author    = {Naoki Kobayashi},
  title     = {Types and higher-order recursion schemes for
                  verification of higher-order programs},
  booktitle = {{POPL}},
  year      = {2009},
}

@inproceedings{kobayashi11,
  author    = {Naoki Kobayashi and
               Ryosuke Sato and
               Hiroshi Unno},
  title     = {Predicate abstraction and {CEGAR} for higher-order
                  model checking},
  booktitle = {{PLDI}},
  year      = {2011},
}

@inproceedings{moura08,
  author    = {Leonardo Mendon{\c{c}}a de Moura and
               Nikolaj Bj{\o}rner},
  title     = {{Z3:} An Efficient {SMT} Solver},
  booktitle = {{TACAS}},
  year      = {2008},
}

@inproceedings{pierce98,
  author    = {Benjamin C. Pierce and
               David N. Turner},
  title     = {Local Type Inference},
  booktitle = {{POPL}},
  year      = {1998},
}

@inproceedings{rondon08,
  author    = {Patrick Maxim Rondon and
               Ming Kawaguchi and
               Ranjit Jhala},
  title     = {Liquid types},
  booktitle = {{PLDI}},
  year      = {2008},
}

@inproceedings{terauchi10,
  author    = {Tachio Terauchi},
  title     = {Dependent types from counterexamples},
  booktitle = {{POPL}},
  year      = {2010},
}

@inproceedings{unno09,
  author    = {Hiroshi Unno and
               Naoki Kobayashi},
  title     = {Dependent type inference with interpolants},
  booktitle = {{PPDP}},
  year      = {2009},
}

@inproceedings{vazou14,
  author    = {Niki Vazou and
               Eric L. Seidel and
               Ranjit Jhala and
               Dimitrios Vytiniotis and
               Simon L. Peyton Jones},
  title     = {Refinement types for Haskell},
  booktitle = {{ICFP}},
  year      = {2014},
}
