@article{tmp,
  author    = {Bill Harris},
  title     = {Tmp},
  journal   = {Tmp},
  year      = {2015},
}

